@online{geeks4geeks,
  author = {Geeks For Geeks},
  title = {Sorting Algorithms},
  year = 2023,
  url = {https://www.geeksforgeeks.org/sorting-algorithms},
  urldate = {2023-05-12}
}

@book{cormen,
  author = {Cormen, Thomas H. and Leiserson, Charles E. and Rivest, Ronald L. and Stein, Clifford},
  edition = {4th},
  isbn = {9780262046305},
  publisher = {The MIT Press},
  title = {Introduction to Algorithms},
  year = 2022,
}

@book{Backes,
  author = {Andr√© Backes},
  edition = {1st},
  isbn = {8521638302},
  publisher = {LTC},
  title = {Algoritmos e Estruturas de Dados em Linguagem C},
  year = 2022,
}